<?xml version="1.0" encoding="UTF-8"?><collection xmlns="http://www.loc.gov/MARC21/slim"><record><leader>00470nam--2200181-u-4500</leader><controlfield tag="001">000056920</controlfield><controlfield tag="002">20200917</controlfield><controlfield tag="005">20200917020918</controlfield><controlfield tag="008">200917s1000------------r-----000-0-rum-d</controlfield><datafield ind1=" " ind2=" " tag="040"><subfield code="a">IFIN-HH</subfield></datafield><datafield ind1=" " ind2=" " tag="041"><subfield code="a">rum</subfield></datafield><datafield ind1="1" ind2=" " tag="100"><subfield code="a">Hodorogea, Mihai</subfield></datafield><datafield ind1="1" ind2="0" tag="245"><subfield code="a">The End of Quantum Theory</subfield><subfield code="c">Mihai Hodorogea</subfield></datafield><datafield ind1=" " ind2=" " tag="260"><subfield code="a">Bucuresti</subfield><subfield code="b">Axioma Print</subfield><subfield code="c">2008</subfield></datafield><datafield ind1=" " ind2=" " tag="300"><subfield code="a">123 p</subfield></datafield><datafield ind1=" " ind2=" " tag="500"><subfield code="a">Donatie Acad. Nicolae Victor Zamfir</subfield></datafield><datafield ind1=" " ind2=" " tag="852"><subfield code="a">82857</subfield><subfield code="c">NVZ</subfield></datafield><datafield ind1=" " ind2=" " tag="CAT"><subfield code="a">SYS</subfield><subfield code="c">20200917</subfield><subfield code="h">020918</subfield></datafield></record></collection>